<record><leader>00000cas a2200000 a 4500</leader><controlfield tag="001">45295743</controlfield><controlfield tag="008">001107d20002001nyumr ne      0    0eng c</controlfield><datafield ind1=" " ind2=" " tag="010"><subfield code="a">sn 00063028 </subfield></datafield><datafield ind1=" " ind2=" " tag="040"><subfield code="a">NYS</subfield><subfield code="b">eng</subfield><subfield code="c">NYS</subfield><subfield code="d">OCLCQ</subfield><subfield code="d">OCLCF</subfield><subfield code="d">OCLCO</subfield></datafield><datafield ind1="1" ind2=" " tag="029"><subfield code="a">AU@</subfield><subfield code="b">000022106494</subfield></datafield><datafield ind1=" " ind2=" " tag="042"><subfield code="a">pcc</subfield></datafield><datafield ind1=" " ind2=" " tag="043"><subfield code="a">n-us-ny</subfield></datafield><datafield ind1="0" ind2="0" tag="245"><subfield code="a">Amsterdam buzz.</subfield></datafield><datafield ind1="3" ind2="0" tag="246"><subfield code="a">Buzz</subfield></datafield><datafield ind1=" " ind2=" " tag="260"><subfield code="a">Amsterdam, NY :</subfield><subfield code="b">Stephen A. Picciocca, Jr.,</subfield><subfield code="c">2000-[2001]</subfield></datafield><datafield ind1=" " ind2=" " tag="300"><subfield code="a">v. :</subfield><subfield code="b">ill. ;</subfield><subfield code="c">32 cm.</subfield></datafield><datafield ind1=" " ind2=" " tag="310"><subfield code="a">Monthly</subfield></datafield><datafield ind1="0" ind2=" " tag="362"><subfield code="a">Premiere issue (Nov. [1], 2000)-</subfield></datafield><datafield ind1="1" ind2=" " tag="362"><subfield code="a">Ceased Feb. 1, 2001.</subfield></datafield><datafield ind1=" " ind2=" " tag="500"><subfield code="a">"The Sophisticated Alternative."</subfield></datafield><datafield ind1=" " ind2=" " tag="500"><subfield code="a">"Amsterdam's Media of the Millennium."</subfield></datafield><datafield ind1=" " ind2=" " tag="500"><subfield code="a">"The Buzz is published the first of every month."</subfield></datafield><datafield ind1=" " ind2=" " tag="500"><subfield code="a">"The Buzz distributes free up to 5,000 newspapers in the greater Amsterdam area."</subfield></datafield><datafield ind1=" " ind2=" " tag="588"><subfield code="a">Latest issue consulted: Jan. [1], 2001.</subfield></datafield><datafield ind1=" " ind2="0" tag="651"><subfield code="a">Amsterdam (N.Y.)</subfield><subfield code="v">Newspapers.</subfield></datafield><datafield ind1=" " ind2="0" tag="651"><subfield code="a">Montgomery County (N.Y.)</subfield><subfield code="v">Newspapers.</subfield></datafield><datafield ind1=" " ind2="7" tag="655"><subfield code="a">Newspapers.</subfield><subfield code="2">fast</subfield><subfield code="0">(OCoLC)fst01423814</subfield></datafield><datafield ind1=" " ind2="7" tag="651"><subfield code="a">New York (State)</subfield><subfield code="z">Amsterdam.</subfield><subfield code="2">fast</subfield><subfield code="0">(OCoLC)fst01216855</subfield></datafield><datafield ind1=" " ind2="7" tag="651"><subfield code="a">New York (State)</subfield><subfield code="z">Montgomery County.</subfield><subfield code="2">fast</subfield><subfield code="0">(OCoLC)fst01208884</subfield></datafield><datafield ind1=" " ind2=" " tag="752"><subfield code="a">United States</subfield><subfield code="b">New York</subfield><subfield code="c">Montgomery</subfield><subfield code="d">Amsterdam.</subfield></datafield><datafield ind1="0" ind2="0" tag="785"><subfield code="t">Buzz (Amsterdam, N.Y.)</subfield><subfield code="w">(DLC)sn2001061840</subfield><subfield code="w">(OCoLC)47697463</subfield></datafield><datafield ind1="0" ind2="0" tag="891"><subfield code="9">853</subfield><subfield code="8">1</subfield><subfield code="a">v.</subfield><subfield code="b">no.</subfield><subfield code="u">12</subfield><subfield code="v">r</subfield><subfield code="i">(year)</subfield><subfield code="j">month</subfield><subfield code="w">m</subfield><subfield code="x">11</subfield></datafield><datafield ind1="3" ind2="0" tag="891"><subfield code="9">863</subfield><subfield code="8">1.1</subfield><subfield code="a">1</subfield><subfield code="b">1</subfield><subfield code="i">2000</subfield><subfield code="j">11</subfield></datafield></record>